<?xml version="1.0" encoding="UTF-8"?>
<Document xmlns="urn:iso:std:iso:20022:tech:xsd:camt.053.001.02">
    <BkToCstmrStmt>
        <GrpHdr>
            <MsgId>CTASCZ22-2023-01-01-1</MsgId>
            <CreDtTm>2023-01-01T00:00:00.000+00:00</CreDtTm>
            <MsgRcpt>
                <Nm>Jan Novak</Nm>
            </MsgRcpt>
            <MsgPgntn>
                <PgNb>1</PgNb>
                <LastPgInd>true</LastPgInd>
            </MsgPgntn>
        </GrpHdr>
        <Stmt>
            <Id>CZ4822500000000100000000-2023-01-01</Id>
            <ElctrncSeqNb>1</ElctrncSeqNb>
            <CreDtTm>2023-01-01T00:00:00.000+00:00</CreDtTm>
            <Acct>
                <Id>
                    <IBAN>CZ4822500000000100000000</IBAN>
                </Id>
                <Ccy>CZK</Ccy>
                <Svcr>
                    <FinInstnId>
                        <BIC>CTASCZ22</BIC>
                        <Nm>Banka Creditas a.s.</Nm>
                    </FinInstnId>
                </Svcr>
            </Acct>
            <Bal>
                <Tp>
                    <CdOrPrtry>
                        <Cd>CLAV</Cd>
                    </CdOrPrtry>
                </Tp>
                <Amt Ccy="CZK">1000.10</Amt>
                <CdtDbtInd>CRDT</CdtDbtInd>
                <Dt>
                    <Dt>2023-01-01+00:00</Dt>
                </Dt>
            </Bal>
            <TxsSummry>
                <TtlNtries>
                    <NbOfNtries>1</NbOfNtries>
                </TtlNtries>
            </TxsSummry>
            <Ntry>
                <NtryRef>RLZ-1000000000</NtryRef>
                <Amt Ccy="CZK">100.99</Amt>
                <CdtDbtInd>CRDT</CdtDbtInd>
                <RvslInd>false</RvslInd>
                <Sts>BOOK</Sts>
                <BookgDt>
                    <Dt>2023-01-01</Dt>
                </BookgDt>
                <BkTxCd>
                    <Prtry>
                        <Cd>90000701</Cd>
                        <Issr>CBA</Issr>
                    </Prtry>
                </BkTxCd>
                <NtryDtls>
                    <TxDtls>
                        <Refs>
                            <PmtInfId>1</PmtInfId>
                            <InstrId>2</InstrId>
                            <EndToEndId>0</EndToEndId>
                        </Refs>
                        <RltdPties>
                            <Dbtr>
                                <Nm>Zak, Pavel</Nm>
                            </Dbtr>
                            <DbtrAcct>
                                <Id>
                                    <Othr>
                                        <Id>1234567890</Id>
                                    </Othr>
                                </Id>
                            </DbtrAcct>
                        </RltdPties>
                        <RltdAgts>
                            <DbtrAgt>
                                <FinInstnId>
                                    <Othr>
                                        <Id>0800</Id>
                                    </Othr>
                                </FinInstnId>
                            </DbtrAgt>
                        </RltdAgts>
                        <RmtInf>
                            <Ustrd>Zprava pro prijemce</Ustrd>
                        </RmtInf>
                    </TxDtls>
                </NtryDtls>
            </Ntry>
        </Stmt>
    </BkToCstmrStmt>
</Document>
